<record><leader>00000cas a22000007a 4500</leader><controlfield tag="001">8766550</controlfield><controlfield tag="008">820911d18601977ctuwr ne      0    0eng  </controlfield><datafield ind1=" " ind2=" " tag="010"><subfield code="a">sn 82014087 </subfield></datafield><datafield ind1=" " ind2=" " tag="040"><subfield code="a">DLC</subfield><subfield code="b">eng</subfield><subfield code="c">DLC</subfield><subfield code="d">NPX</subfield><subfield code="d">NPU</subfield><subfield code="d">DLC</subfield><subfield code="d">CNW</subfield><subfield code="d">MGN</subfield><subfield code="d">DLC</subfield><subfield code="d">CNW</subfield><subfield code="d">OCL</subfield><subfield code="d">CNW</subfield><subfield code="d">DLC</subfield><subfield code="d">OCLCQ</subfield><subfield code="d">OCLCO</subfield><subfield code="d">OCLCQ</subfield><subfield code="d">OCLCA</subfield><subfield code="d">OCLCF</subfield></datafield><datafield ind1=" " ind2=" " tag="019"><subfield code="a">191327506</subfield></datafield><datafield ind1="1" ind2=" " tag="029"><subfield code="a">AU@</subfield><subfield code="b">000020224935</subfield></datafield><datafield ind1=" " ind2=" " tag="042"><subfield code="a">msc</subfield></datafield><datafield ind1=" " ind2=" " tag="043"><subfield code="a">n-us-ct</subfield></datafield><datafield ind1="0" ind2="0" tag="050"><subfield code="a">Newspaper Microfilm 3016</subfield></datafield><datafield ind1="0" ind2="0" tag="245"><subfield code="a">Windham County transcript.</subfield></datafield><datafield ind1="3" ind2="0" tag="246"><subfield code="a">Transcript</subfield></datafield><datafield ind1=" " ind2=" " tag="260"><subfield code="a">West Killingly, Conn. :</subfield><subfield code="b">J.Q.A. Stone, -1977.</subfield></datafield><datafield ind1=" " ind2=" " tag="300"><subfield code="a">v.</subfield></datafield><datafield ind1=" " ind2=" " tag="310"><subfield code="a">Weekly,</subfield><subfield code="b">Feb. 14, 1896-1977</subfield></datafield><datafield ind1=" " ind2=" " tag="321"><subfield code="a">Weekly,</subfield><subfield code="b">Jan. 1860-Oct. 1895</subfield></datafield><datafield ind1=" " ind2=" " tag="321"><subfield code="a">Semiweekly,</subfield><subfield code="b">Nov. 1895-Feb. 11, 1896</subfield></datafield><datafield ind1="1" ind2=" " tag="362"><subfield code="a">Began Jan. 5, 1860.</subfield></datafield><datafield ind1="0" ind2=" " tag="362"><subfield code="a">-v. 129, no. 44 (Nov. 3, 1977).</subfield></datafield><datafield ind1=" " ind2=" " tag="500"><subfield code="a">Published in Danielsonville [i.e. Danielson], Conn., Feb. 23-Aug. 2, 1860; simultaneously in Danielsonville and Putnam, Conn., Aug. 9, 1860-Nov. 1872; in Danielsonville, Dec. 1872-June 19, 1895; in Danielson, Conn., June 26, 1895-Nov. 7, 1974; in Norwich, Conn., Nov. 14, 1974-1977.</subfield></datafield><datafield ind1=" " ind2=" " tag="515"><subfield code="a">Not published Nov. 24, 1864.</subfield></datafield><datafield ind1=" " ind2=" " tag="530"><subfield code="a">Available on microfilm from the Library of Congress, Photoduplication Service, and Connecticut State Library.</subfield></datafield><datafield ind1=" " ind2=" " tag="580"><subfield code="a">Merged with: Journal press (Moosup, Conn), to become: Best deal.</subfield></datafield><datafield ind1=" " ind2=" " tag="580"><subfield code="a">Part of subscripton list was sold to: Putnam patriot, Dec. 1872.</subfield></datafield><datafield ind1=" " ind2=" " tag="588"><subfield code="a">Description based on: Vol. 6, no. 2 (Jan. 12, 1860).</subfield></datafield><datafield ind1=" " ind2="0" tag="651"><subfield code="a">Killingly (Conn. : Town)</subfield><subfield code="v">Newspapers.</subfield></datafield><datafield ind1=" " ind2="0" tag="651"><subfield code="a">Danielson (Conn.)</subfield><subfield code="v">Newspapers.</subfield></datafield><datafield ind1=" " ind2="0" tag="651"><subfield code="a">Putnam (Conn.)</subfield><subfield code="v">Newspapers.</subfield></datafield><datafield ind1=" " ind2="0" tag="651"><subfield code="a">Windham County (Conn.)</subfield><subfield code="v">Newspapers.</subfield></datafield><datafield ind1=" " ind2="7" tag="651"><subfield code="a">Connecticut</subfield><subfield code="z">Danielson.</subfield><subfield code="2">fast</subfield><subfield code="0">(OCoLC)fst01219000</subfield></datafield><datafield ind1=" " ind2="7" tag="651"><subfield code="a">Connecticut</subfield><subfield code="z">Killingly (Town)</subfield><subfield code="2">fast</subfield><subfield code="0">(OCoLC)fst01331389</subfield></datafield><datafield ind1=" " ind2="7" tag="651"><subfield code="a">Connecticut</subfield><subfield code="z">Putnam.</subfield><subfield code="2">fast</subfield><subfield code="0">(OCoLC)fst01219266</subfield></datafield><datafield ind1=" " ind2="7" tag="651"><subfield code="a">Connecticut</subfield><subfield code="z">Windham County.</subfield><subfield code="2">fast</subfield><subfield code="0">(OCoLC)fst01212082</subfield></datafield><datafield ind1=" " ind2="7" tag="655"><subfield code="a">Newspapers.</subfield><subfield code="2">fast</subfield><subfield code="0">(OCoLC)fst01423814</subfield></datafield><datafield ind1=" " ind2=" " tag="752"><subfield code="a">United States</subfield><subfield code="b">Connecticut</subfield><subfield code="c">New London</subfield><subfield code="d">Norwich.</subfield></datafield><datafield ind1="0" ind2="0" tag="780"><subfield code="t">Windham County telegraph</subfield><subfield code="w">(DLC)sn 82016398</subfield><subfield code="w">(OCoLC)9310882</subfield></datafield><datafield ind1="1" ind2="7" tag="785"><subfield code="t">Journal press (Moosup, Conn)</subfield><subfield code="w">(DLC)sn 92051371</subfield><subfield code="w">(OCoLC)26472183</subfield></datafield><datafield ind1="1" ind2="7" tag="785"><subfield code="t">Best deal</subfield></datafield><datafield ind1="0" ind2=" " tag="787"><subfield code="t">Putnam patriot (Putnam, Conn. : 1872)</subfield><subfield code="g">Dec. 1872</subfield><subfield code="w">(DLC)sn 84022396</subfield><subfield code="w">(OCoLC)10386936</subfield></datafield></record>